@article{davidson2006gene,
  title={Gene regulatory networks and the evolution of animal body plans},
  author={Davidson, Eric H and Erwin, Douglas H},
  journal={Science},
  volume={311},
  number={5762},
  pages={796--800},
  year={2006},
  publisher={American Association for the Advancement of Science}
}

@article{chavez2015VPR, title={Highly efficient Cas9-mediated transcriptional programming}, volume={0}, ISSN={1548-7091}, DOI={10.1038/nmeth.3312}, abstractNote={The fusion of three transcriptional activation domains to a nuclease-deficient Cas9 achieves robust induction of gene expression and can induce differentiation of hiPSCs.}, journal={Nature Methods}, author={Chavez, Alejandro and Scheiman, Jonathan and Vora, Suhani and Pruitt, Benjamin and Tuttle, Marcelle and Iyer, Eswar and Lin, Shuailiang and Kiani, Samira and Guzman, Christopher and Wiegand, Daniel and et al.}, year={2015}}

@article{konermann2014genome,
  title={Genome-scale transcriptional activation by an engineered CRISPR-Cas9 complex},
  author={Konermann, Silvana and Brigham, Mark D and Trevino, Alexandro E and Joung, Julia and Abudayyeh, Omar O and Barcena, Clea and Hsu, Patrick D and Habib, Naomi and Gootenberg, Jonathan S and Nishimasu, Hiroshi and others},
  journal={Nature},
  year={2014},
  publisher={Nature Publishing Group}
}

@article{cahan2014cellnet,
  title={CellNet: network biology applied to stem cell engineering},
  author={Cahan, Patrick and Li, Hu and Morris, Samantha A and da Rocha, Edroaldo Lummertz and Daley, George Q and Collins, James J},
  journal={Cell},
  volume={158},
  number={4},
  pages={903--915},
  year={2014},
  publisher={Elsevier}
}

@article{morris2014dissecting,
  title={Dissecting engineered cell types and enhancing cell fate conversion via CellNet},
  author={Morris, Samantha A and Cahan, Patrick and Li, Hu and Zhao, Anna M and San Roman, Adrianna K and Shivdasani, Ramesh A and Collins, James J and Daley, George Q},
  journal={Cell},
  volume={158},
  number={4},
  pages={889--902},
  year={2014},
  publisher={Elsevier}
}

@article{xie2015boosting,
  title={Boosting CRISPR/Cas9 multiplex editing capability with the endogenous tRNA-processing system},
  author={Xie, Kabin and Minkenberg, Bastian and Yang, Yinong},
  journal={Proceedings of the National Academy of Sciences},
  volume={112},
  number={11},
  pages={3570--3575},
  year={2015},
  publisher={National Acad Sciences}
}

@article{leproust2010synthesis,
  title={Synthesis of high-quality libraries of long (150mer) oligonucleotides by a novel depurination controlled process},
  author={LeProust, Emily M and Peck, Bill J and Spirin, Konstantin and McCuen, Heather Brummel and Moore, Bridget and Namsaraev, Eugeni and Caruthers, Marvin H},
  journal={Nucleic acids research},
  volume={38},
  number={8},
  pages={2522--2540},
  year={2010},
  publisher={Oxford Univ Press}
}

@article{kosuri2010scalable,
  title={Scalable gene synthesis by selective amplification of DNA pools from high-fidelity microchips},
  author={Kosuri, Sriram and Eroshenko, Nikolai and LeProust, Emily M and Super, Michael and Way, Jeffrey and Li, Jin Billy and Church, George M},
  journal={Nature biotechnology},
  volume={28},
  number={12},
  pages={1295--1299},
  year={2010},
  publisher={Nature Publishing Group}
}

@article{kosuri2013composability,
  title={Composability of regulatory sequences controlling transcription and translation in Escherichia coli},
  author={Kosuri, Sriram and Goodman, Daniel B and Cambray, Guillaume and Mutalik, Vivek K and Gao, Yuan and Arkin, Adam P and Endy, Drew and Church, George M},
  journal={Proceedings of the National Academy of Sciences},
  volume={110},
  number={34},
  pages={14024--14029},
  year={2013},
  publisher={National Acad Sciences}
}

@article{findlay2014saturation,
  title={Saturation editing of genomic regions by multiplex homology-directed repair},
  author={Findlay, Gregory M and Boyle, Evan A and Hause, Ronald J and Klein, Jason C and Shendure, Jay},
  journal={Nature},
  volume={513},
  number={7516},
  pages={120--123},
  year={2014},
  publisher={Nature Publishing Group}
}

@article{takahashi2006induction,
  title={Induction of pluripotent stem cells from mouse embryonic and adult fibroblast cultures by defined factors},
  author={Takahashi, Kazutoshi and Yamanaka, Shinya},
  journal={cell},
  volume={126},
  number={4},
  pages={663--676},
  year={2006},
  publisher={Elsevier}
}

@article{cheng2014enhanced,
  title={Enhanced killing of antibiotic-resistant bacteria enabled by massively parallel combinatorial genetics},
  author={Cheng, Allen A and Ding, Huiming and Lu, Timothy K},
  journal={Proceedings of the National Academy of Sciences},
  volume={111},
  number={34},
  pages={12462--12467},
  year={2014},
  publisher={National Acad Sciences}
}

@article{babu2004structure,
  title={Structure and evolution of transcriptional regulatory networks},
  author={Babu, M Madan and Luscombe, Nicholas M and Aravind, L and Gerstein, Mark and Teichmann, Sarah A},
  journal={Current opinion in structural biology},
  volume={14},
  number={3},
  pages={283--291},
  year={2004},
  publisher={Elsevier}
}

@article{drummond2008stem,
  title={Stem cells, their niches and the systemic environment: an aging network},
  author={Drummond-Barbosa, Daniela},
  journal={Genetics},
  volume={180},
  number={4},
  pages={1787--1797},
  year={2008},
  publisher={Genetics Soc America}
}

@article{esvelt2013orthogonal,
  title={Orthogonal Cas9 proteins for RNA-guided gene regulation and editing},
  author={Esvelt, Kevin M and Mali, Prashant and Braff, Jonathan L and Moosburner, Mark and Yaung, Stephanie J and Church, George M},
  journal={Nature methods},
  volume={10},
  number={11},
  pages={1116--1121},
  year={2013},
  publisher={Nature Publishing Group}
}

@article{lu2015combigem,
  title={submitted, reported at Mammalian Synbio Conference April 26, 2015},
  author={Lu, Timothy K},
  year={2015},
}

@article{warren2010highly,
  title={Highly efficient reprogramming to pluripotency and directed differentiation of human cells with synthetic modified mRNA},
  author={Warren, Luigi and Manos, Philip D and Ahfeldt, Tim and Loh, Yuin-Han and Li, Hu and Lau, Frank and Ebina, Wataru and Mandal, Pankaj K and Smith, Zachary D and Meissner, Alexander and others},
  journal={Cell stem cell},
  volume={7},
  number={5},
  pages={618--630},
  year={2010},
  publisher={Elsevier}
}

@article{campbell1996sheep,
  title={Sheep cloned by nuclear transfer from a cultured cell line.},
  author={Campbell, Keith H and McWhir, Jim and Ritchie, WA and Wilmut, Ian},
  journal={Nature},
  number={380},
  pages={64--6},
  year={1996}
}

@article{qi2013repurposing,
  title={Repurposing CRISPR as an RNA-guided platform for sequence-specific control of gene expression},
  author={Qi, Lei S and Larson, Matthew H and Gilbert, Luke A and Doudna, Jennifer A and Weissman, Jonathan S and Arkin, Adam P and Lim, Wendell A},
  journal={Cell},
  volume={152},
  number={5},
  pages={1173--1183},
  year={2013},
  publisher={Elsevier}
}

@article{hilton2015epigenome,
  title={Epigenome editing by a CRISPR-Cas9-based acetyltransferase activates genes from promoters and enhancers},
  author={Hilton, Isaac B and D'Ippolito, Anthony M and Vockley, Christopher M and Thakore, Pratiksha I and Crawford, Gregory E and Reddy, Timothy E and Gersbach, Charles A},
  journal={Nature biotechnology},
  year={2015},
  publisher={Nature Publishing Group}
}

@article{huang2011induction,
  title={Induction of functional hepatocyte-like cells from mouse fibroblasts by defined factors},
  author={Huang, Pengyu and He, Zhiying and Ji, Shuyi and Sun, Huawang and Xiang, Dao and Liu, Changcheng and Hu, Yiping and Wang, Xin and Hui, Lijian},
  journal={Nature},
  volume={475},
  number={7356},
  pages={386--389},
  year={2011},
  publisher={Nature Publishing Group}
}

@article{sekiya2011direct,
  title={Direct conversion of mouse fibroblasts to hepatocyte-like cells by defined factors},
  author={Sekiya, Sayaka and Suzuki, Atsushi},
  journal={Nature},
  volume={475},
  number={7356},
  pages={390--393},
  year={2011},
  publisher={Nature Publishing Group}
}

@article{zaret2011pioneer,
  title={Pioneer transcription factors: establishing competence for gene expression},
  author={Zaret, Kenneth S and Carroll, Jason S},
  journal={Genes \& development},
  volume={25},
  number={21},
  pages={2227--2241},
  year={2011},
  publisher={Cold Spring Harbor Lab}
}
