@article{davidson2006gene,
  title={Gene regulatory networks and the evolution of animal body plans},
  author={Davidson, Eric H and Erwin, Douglas H},
  journal={Science},
  volume={311},
  number={5762},
  pages={796--800},
  year={2006},
  publisher={American Association for the Advancement of Science}
}

@article{chavez2015VPR, title={Highly efficient Cas9-mediated transcriptional programming}, volume={0}, ISSN={1548-7091}, DOI={10.1038/nmeth.3312}, abstractNote={The fusion of three transcriptional activation domains to a nuclease-deficient Cas9 achieves robust induction of gene expression and can induce differentiation of hiPSCs.}, journal={Nature Methods}, author={Chavez, Alejandro and Scheiman, Jonathan and Vora, Suhani and Pruitt, Benjamin and Tuttle, Marcelle and Iyer, Eswar and Lin, Shuailiang and Kiani, Samira and Guzman, Christopher and Wiegand, Daniel and et al.}, year={2015}}

@article{konermann2014genome,
  title={Genome-scale transcriptional activation by an engineered CRISPR-Cas9 complex},
  author={Konermann, Silvana and Brigham, Mark D and Trevino, Alexandro E and Joung, Julia and Abudayyeh, Omar O and Barcena, Clea and Hsu, Patrick D and Habib, Naomi and Gootenberg, Jonathan S and Nishimasu, Hiroshi and others},
  journal={Nature},
  year={2014},
  publisher={Nature Publishing Group}
}

@article{cahan2014cellnet,
  title={CellNet: network biology applied to stem cell engineering},
  author={Cahan, Patrick and Li, Hu and Morris, Samantha A and da Rocha, Edroaldo Lummertz and Daley, George Q and Collins, James J},
  journal={Cell},
  volume={158},
  number={4},
  pages={903--915},
  year={2014},
  publisher={Elsevier}
}

@article{morris2014dissecting,
  title={Dissecting engineered cell types and enhancing cell fate conversion via CellNet},
  author={Morris, Samantha A and Cahan, Patrick and Li, Hu and Zhao, Anna M and San Roman, Adrianna K and Shivdasani, Ramesh A and Collins, James J and Daley, George Q},
  journal={Cell},
  volume={158},
  number={4},
  pages={889--902},
  year={2014},
  publisher={Elsevier}
}

@article{xie2015boosting,
  title={Boosting CRISPR/Cas9 multiplex editing capability with the endogenous tRNA-processing system},
  author={Xie, Kabin and Minkenberg, Bastian and Yang, Yinong},
  journal={Proceedings of the National Academy of Sciences},
  volume={112},
  number={11},
  pages={3570--3575},
  year={2015},
  publisher={National Acad Sciences}
}

@article{kosuri2010scalable,
  title={Scalable gene synthesis by selective amplification of DNA pools from high-fidelity microchips},
  author={Kosuri, Sriram and Eroshenko, Nikolai and LeProust, Emily M and Super, Michael and Way, Jeffrey and Li, Jin Billy and Church, George M},
  journal={Nature biotechnology},
  volume={28},
  number={12},
  pages={1295--1299},
  year={2010},
  publisher={Nature Publishing Group}
}
